<record><leader>00000cas a22000007a 4500</leader><controlfield tag="001">17500068</controlfield><controlfield tag="008">880218d18781939laucr ne      0   a0eng d</controlfield><datafield ind1=" " ind2=" " tag="010"><subfield code="a">sn 88064122 </subfield></datafield><datafield ind1=" " ind2=" " tag="040"><subfield code="a">LNP</subfield><subfield code="b">eng</subfield><subfield code="c">LNP</subfield><subfield code="d">OCLCQ</subfield><subfield code="d">DLC</subfield><subfield code="d">OCLCF</subfield><subfield code="d">OCLCQ</subfield></datafield><datafield ind1="0" ind2=" " tag="022"><subfield code="a">2377-7990</subfield><subfield code="2">1</subfield></datafield><datafield ind1="0" ind2=" " tag="041"><subfield code="a">eng</subfield><subfield code="a">fre</subfield></datafield><datafield ind1=" " ind2=" " tag="042"><subfield code="a">msc</subfield><subfield code="a">nsdp</subfield></datafield><datafield ind1=" " ind2=" " tag="043"><subfield code="a">n-us-la</subfield></datafield><datafield ind1="0" ind2="0" tag="050"><subfield code="a">Newspaper</subfield></datafield><datafield ind1="0" ind2="0" tag="082"><subfield code="a">071</subfield><subfield code="2">23</subfield></datafield><datafield ind1=" " ind2="4" tag="222"><subfield code="a">The Houma courier</subfield><subfield code="b">(Print)</subfield></datafield><datafield ind1="0" ind2="4" tag="245"><subfield code="a">The Houma courier.</subfield></datafield><datafield ind1="1" ind2="3" tag="246"><subfield code="a">Courrier de Houma</subfield></datafield><datafield ind1=" " ind2=" " tag="260"><subfield code="a">Houma, La. :</subfield><subfield code="b">E.F. Bazet</subfield></datafield><datafield ind1=" " ind2=" " tag="310"><subfield code="a">Semiweekly,</subfield><subfield code="b">Feb. 1, 1938-Feb. 24, 1939</subfield></datafield><datafield ind1=" " ind2=" " tag="321"><subfield code="a">Weekly,</subfield><subfield code="b">&lt;July 6, 1878&gt;-Jan. 28, 1938</subfield></datafield><datafield ind1=" " ind2=" " tag="336"><subfield code="a">text</subfield><subfield code="b">txt</subfield><subfield code="2">rdacontent</subfield></datafield><datafield ind1=" " ind2=" " tag="337"><subfield code="a">unmediated</subfield><subfield code="b">n</subfield><subfield code="2">rdamedia</subfield></datafield><datafield ind1="1" ind2=" " tag="362"><subfield code="a">Began in 1878.</subfield></datafield><datafield ind1="0" ind2=" " tag="362"><subfield code="a">-v. 61, no. 15 (Feb. 24, 1939).</subfield></datafield><datafield ind1=" " ind2=" " tag="500"><subfield code="a">Published with an additional masthead in French: Le courrier de Houma, &lt;July 6, 1878&gt;-&lt;Jan. 18, 1879&gt;.</subfield></datafield><datafield ind1=" " ind2=" " tag="530"><subfield code="a">Archived issues are available in digital format from the Library of Congress Chronicling America online collection.</subfield></datafield><datafield ind1=" " ind2=" " tag="546"><subfield code="a">In English and French, 1878-1887.</subfield></datafield><datafield ind1=" " ind2=" " tag="588"><subfield code="a">Description based on: Vol. 1, no. 23 (July 6, 1878).</subfield></datafield><datafield ind1=" " ind2="0" tag="651"><subfield code="a">Houma (La.)</subfield><subfield code="v">Newspapers.</subfield></datafield><datafield ind1=" " ind2="7" tag="651"><subfield code="a">Louisiana</subfield><subfield code="z">Houma.</subfield><subfield code="2">fast</subfield><subfield code="0">(OCoLC)fst01218915</subfield></datafield><datafield ind1=" " ind2="7" tag="655"><subfield code="a">Newspapers.</subfield><subfield code="2">fast</subfield><subfield code="0">(OCoLC)fst01423814</subfield></datafield><datafield ind1=" " ind2=" " tag="752"><subfield code="a">United States</subfield><subfield code="b">Louisiana</subfield><subfield code="c">Terrebonne</subfield><subfield code="d">Houma.</subfield></datafield><datafield ind1="0" ind2="8" tag="776"><subfield code="i">Online version:</subfield><subfield code="t">Houma courier</subfield><subfield code="x">2377-8008</subfield><subfield code="w">(DLC)  2015218574</subfield><subfield code="w">(OCoLC)904686782</subfield></datafield><datafield ind1="0" ind2="0" tag="785"><subfield code="t">Houma daily courier (Houma, La. : 1939)</subfield><subfield code="w">(DLC)sn 88064123</subfield><subfield code="w">(OCoLC)17500098</subfield></datafield><datafield ind1="4" ind2="1" tag="856"><subfield code="u">http://www.loc.gov/chroniclingamerica/lccn/sn88064122/issues</subfield></datafield><datafield ind1="1" ind2=" " tag="029"><subfield code="a">AU@</subfield><subfield code="b">000025824187</subfield></datafield></record>